@article{chafetz23,
  author = {Chafetz, Aaron H.},
  title = {R guide for Strategic Information Advisors},
  year = {2023},
  issue_date = {Aug 2023},
  publisher = {USAID-OHA-SI Corp., Inc.},
  address = {USA},
  volume = {1},
  number = {1},
  issn = {xxxx-yztc},
  url = {https://doi.org/10.1093/comjnl/27.2.97},
  doi = {10.1093/comjnl/27.2.97},
  journal = {Stractegic Info.},
  month = aug,
  pages = {00-99},
  numpages = {99}
}


